<?xml version="1.0" encoding="UTF-8"?><record xmlns="http://www.loc.gov/MARC21/slim" xmlns:cinclude="http://apache.org/cocoon/include/1.0" xmlns:zs="http://www.loc.gov/zing/srw/">
  <leader>00595cz  a2200133n  4500</leader>
  <controlfield tag="001">n  98023971 </controlfield>
  <controlfield tag="003">DLC</controlfield>
  <controlfield tag="005">20000315103013.0</controlfield>
  <controlfield tag="008">980312n| acannaab           |n aaa      </controlfield>
  <datafield tag="010" ind1=" " ind2=" ">
    <subfield code="a">n  98023971 </subfield>
  </datafield>
  <datafield tag="040" ind1=" " ind2=" ">
    <subfield code="a">DLC</subfield>
    <subfield code="c">DLC</subfield>
    <subfield code="d">DLC</subfield>
  </datafield>
  <datafield tag="100" ind1="1" ind2="0">
    <subfield code="a">Severis, Leto,</subfield>
    <subfield code="d">1916-</subfield>
  </datafield>
  <datafield tag="670" ind1=" " ind2=" ">
    <subfield code="a">Her Ladies of medieval Cyprus and Caterina Cornaro, 1995;</subfield>
    <subfield code="b">t.p. (Leto Severis) flap of back cover (Mrs. Leto Severis, (neĚe Limbourides), b. 1916 in Nicosia; has interests in history, archaeology, and social welfare)</subfield>
  </datafield>
  <datafield tag="670" ind1=" " ind2=" ">
    <subfield code="a">Join us and discover the history of Cyprus, 1999: t.p. (Leto Severis) p. 3 (died at the age of 81)</subfield>
  </datafield>
</record>